<record><leader>00000cas a22000007a 4500</leader><controlfield tag="001">18036204</controlfield><controlfield tag="008">880603d19681971nyuwr ne      0    0eng d</controlfield><datafield ind1=" " ind2=" " tag="010"><subfield code="a">sn 88074433 </subfield></datafield><datafield ind1=" " ind2=" " tag="040"><subfield code="a">NYS</subfield><subfield code="b">eng</subfield><subfield code="c">NYS</subfield><subfield code="d">OCLCQ</subfield></datafield><datafield ind1=" " ind2=" " tag="042"><subfield code="a">msc</subfield></datafield><datafield ind1="0" ind2="0" tag="245"><subfield code="a">Johnstown patriot.</subfield></datafield><datafield ind1="3" ind2="0" tag="246"><subfield code="a">Patriot</subfield></datafield><datafield ind1=" " ind2=" " tag="260"><subfield code="a">Johnstown, N.Y. :</subfield><subfield code="b">C.H. Grose</subfield></datafield><datafield ind1=" " ind2=" " tag="300"><subfield code="a">v.</subfield></datafield><datafield ind1=" " ind2=" " tag="310"><subfield code="a">Weekly</subfield></datafield><datafield ind1="0" ind2=" " tag="362"><subfield code="a">Vol. 6, no. 34 (Apr. 18, 1968)-v. 9, no. 51 (Aug. 18, 1971).</subfield></datafield><datafield ind1=" " ind2=" " tag="500"><subfield code="a">Publishers: C.H. Grose, 1968- ; Myers-Brooks Pub. Co., -1971.</subfield></datafield><datafield ind1=" " ind2=" " tag="500"><subfield code="a">Includes a shopping guide supplement titled: Patriot.</subfield></datafield><datafield ind1=" " ind2="4" tag="651"><subfield code="a">Johnstown (N.Y.)</subfield><subfield code="v">Newspapers.</subfield></datafield><datafield ind1=" " ind2=" " tag="752"><subfield code="a">United States</subfield><subfield code="b">New York</subfield><subfield code="c">Fulton</subfield><subfield code="d">Johnstown.</subfield></datafield><datafield ind1="0" ind2="0" tag="780"><subfield code="t">Sir Bill patriot (Johnstown, N.Y. : 1965)</subfield><subfield code="w">(DLC)sn 88074869</subfield></datafield><datafield ind1="0" ind2="0" tag="785"><subfield code="t">Patriot (Johnstown, N.Y. : 1971)</subfield><subfield code="w">(DLC)sn 88074439</subfield></datafield><datafield ind1="1" ind2=" " tag="029"><subfield code="a">AU@</subfield><subfield code="b">000020521985</subfield></datafield></record>